%YAML 1.1
%TAG !u! tag:unity3d.com,2011:
--- !u!29 &1
OcclusionCullingSettings:
  m_ObjectHideFlags: 0
  serializedVersion: 2
  m_OcclusionBakeSettings:
    smallestOccluder: 5
    smallestHole: 0.25
    backfaceThreshold: 100
  m_SceneGUID: 00000000000000000000000000000000
  m_OcclusionCullingData: {fileID: 0}
--- !u!104 &2
RenderSettings:
  m_ObjectHideFlags: 0
  serializedVersion: 9
  m_Fog: 0
  m_FogColor: {r: 0.5, g: 0.5, b: 0.5, a: 1}
  m_FogMode: 3
  m_FogDensity: 0.01
  m_LinearFogStart: 0
  m_LinearFogEnd: 300
  m_AmbientSkyColor: {r: 0.25882354, g: 0.25882354, b: 0.25882354, a: 1}
  m_AmbientEquatorColor: {r: 0.114, g: 0.125, b: 0.133, a: 1}
  m_AmbientGroundColor: {r: 0.047, g: 0.043, b: 0.035, a: 1}
  m_AmbientIntensity: 1
  m_AmbientMode: 3
  m_SubtractiveShadowColor: {r: 0.42, g: 0.478, b: 0.627, a: 1}
  m_SkyboxMaterial: {fileID: 10304, guid: 0000000000000000f000000000000000, type: 0}
  m_HaloStrength: 0.5
  m_FlareStrength: 1
  m_FlareFadeSpeed: 3
  m_HaloTexture: {fileID: 0}
  m_SpotCookie: {fileID: 10001, guid: 0000000000000000e000000000000000, type: 0}
  m_DefaultReflectionMode: 0
  m_DefaultReflectionResolution: 128
  m_ReflectionBounces: 1
  m_ReflectionIntensity: 1
  m_CustomReflection: {fileID: 0}
  m_Sun: {fileID: 0}
  m_IndirectSpecularColor: {r: 0, g: 0, b: 0, a: 1}
  m_UseRadianceAmbientProbe: 0
--- !u!157 &3
LightmapSettings:
  m_ObjectHideFlags: 0
  serializedVersion: 11
  m_GIWorkflowMode: 1
  m_GISettings:
    serializedVersion: 2
    m_BounceScale: 1
    m_IndirectOutputScale: 1
    m_AlbedoBoost: 1
    m_EnvironmentLightingMode: 0
    m_EnableBakedLightmaps: 1
    m_EnableRealtimeLightmaps: 0
  m_LightmapEditorSettings:
    serializedVersion: 12
    m_Resolution: 2
    m_BakeResolution: 40
    m_AtlasSize: 1024
    m_AO: 0
    m_AOMaxDistance: 1
    m_CompAOExponent: 1
    m_CompAOExponentDirect: 0
    m_ExtractAmbientOcclusion: 0
    m_Padding: 2
    m_LightmapParameters: {fileID: 0}
    m_LightmapsBakeMode: 1
    m_TextureCompression: 1
    m_FinalGather: 0
    m_FinalGatherFiltering: 1
    m_FinalGatherRayCount: 256
    m_ReflectionCompression: 2
    m_MixedBakeMode: 2
    m_BakeBackend: 1
    m_PVRSampling: 1
    m_PVRDirectSampleCount: 32
    m_PVRSampleCount: 512
    m_PVRBounces: 2
    m_PVREnvironmentSampleCount: 256
    m_PVREnvironmentReferencePointCount: 2048
    m_PVRFilteringMode: 1
    m_PVRDenoiserTypeDirect: 1
    m_PVRDenoiserTypeIndirect: 1
    m_PVRDenoiserTypeAO: 1
    m_PVRFilterTypeDirect: 0
    m_PVRFilterTypeIndirect: 0
    m_PVRFilterTypeAO: 0
    m_PVREnvironmentMIS: 1
    m_PVRCulling: 1
    m_PVRFilteringGaussRadiusDirect: 1
    m_PVRFilteringGaussRadiusIndirect: 5
    m_PVRFilteringGaussRadiusAO: 2
    m_PVRFilteringAtrousPositionSigmaDirect: 0.5
    m_PVRFilteringAtrousPositionSigmaIndirect: 2
    m_PVRFilteringAtrousPositionSigmaAO: 1
    m_ExportTrainingData: 0
    m_TrainingDataDestination: TrainingData
    m_LightProbeSampleCountMultiplier: 4
  m_LightingDataAsset: {fileID: 0}
  m_UseShadowmask: 1
--- !u!196 &4
NavMeshSettings:
  serializedVersion: 2
  m_ObjectHideFlags: 0
  m_BuildSettings:
    serializedVersion: 2
    agentTypeID: 0
    agentRadius: 0.5
    agentHeight: 2
    agentSlope: 45
    agentClimb: 0.4
    ledgeDropHeight: 0
    maxJumpAcrossDistance: 0
    minRegionArea: 2
    manualCellSize: 0
    cellSize: 0.16666667
    manualTileSize: 0
    tileSize: 256
    accuratePlacement: 0
    debug:
      m_Flags: 0
  m_NavMeshData: {fileID: 0}
--- !u!1 &43109364
GameObject:
  m_ObjectHideFlags: 0
  m_CorrespondingSourceObject: {fileID: 0}
  m_PrefabInstance: {fileID: 0}
  m_PrefabAsset: {fileID: 0}
  serializedVersion: 6
  m_Component:
  - component: {fileID: 43109365}
  - component: {fileID: 43109368}
  - component: {fileID: 43109367}
  - component: {fileID: 43109366}
  m_Layer: 10
  m_Name: L (2)
  m_TagString: scalp
  m_Icon: {fileID: 0}
  m_NavMeshLayer: 0
  m_StaticEditorFlags: 0
  m_IsActive: 1
--- !u!4 &43109365
Transform:
  m_ObjectHideFlags: 0
  m_CorrespondingSourceObject: {fileID: 0}
  m_PrefabInstance: {fileID: 0}
  m_PrefabAsset: {fileID: 0}
  m_GameObject: {fileID: 43109364}
  m_LocalRotation: {x: -0, y: -0, z: -0, w: 1}
  m_LocalPosition: {x: -0.05, y: -0.03, z: -0.05}
  m_LocalScale: {x: 1.1, y: 1.1, z: 1.1}
  m_Children:
  - {fileID: 1675622551}
  m_Father: {fileID: 1674656333}
  m_RootOrder: 0
  m_LocalEulerAnglesHint: {x: 0, y: 0, z: 0}
--- !u!64 &43109366
MeshCollider:
  m_ObjectHideFlags: 0
  m_CorrespondingSourceObject: {fileID: 0}
  m_PrefabInstance: {fileID: 0}
  m_PrefabAsset: {fileID: 0}
  m_GameObject: {fileID: 43109364}
  m_Material: {fileID: 0}
  m_IsTrigger: 0
  m_Enabled: 1
  serializedVersion: 4
  m_Convex: 0
  m_CookingOptions: 30
  m_Mesh: {fileID: 2658800326358589857, guid: 461937dfd9c00496089880402b86ddbf, type: 3}
--- !u!23 &43109367
MeshRenderer:
  m_ObjectHideFlags: 0
  m_CorrespondingSourceObject: {fileID: 0}
  m_PrefabInstance: {fileID: 0}
  m_PrefabAsset: {fileID: 0}
  m_GameObject: {fileID: 43109364}
  m_Enabled: 0
  m_CastShadows: 0
  m_ReceiveShadows: 1
  m_DynamicOccludee: 1
  m_MotionVectors: 1
  m_LightProbeUsage: 1
  m_ReflectionProbeUsage: 1
  m_RayTracingMode: 2
  m_RenderingLayerMask: 1
  m_RendererPriority: 0
  m_Materials:
  - {fileID: 2100000, guid: ee84217446b244ab8a33c5bda534237f, type: 2}
  m_StaticBatchInfo:
    firstSubMesh: 0
    subMeshCount: 0
  m_StaticBatchRoot: {fileID: 0}
  m_ProbeAnchor: {fileID: 0}
  m_LightProbeVolumeOverride: {fileID: 0}
  m_ScaleInLightmap: 1
  m_ReceiveGI: 1
  m_PreserveUVs: 0
  m_IgnoreNormalsForChartDetection: 0
  m_ImportantGI: 0
  m_StitchLightmapSeams: 1
  m_SelectedEditorRenderState: 3
  m_MinimumChartSize: 4
  m_AutoUVMaxDistance: 0.5
  m_AutoUVMaxAngle: 89
  m_LightmapParameters: {fileID: 0}
  m_SortingLayerID: 0
  m_SortingLayer: 0
  m_SortingOrder: 0
--- !u!33 &43109368
MeshFilter:
  m_ObjectHideFlags: 0
  m_CorrespondingSourceObject: {fileID: 0}
  m_PrefabInstance: {fileID: 0}
  m_PrefabAsset: {fileID: 0}
  m_GameObject: {fileID: 43109364}
  m_Mesh: {fileID: 2658800326358589857, guid: 461937dfd9c00496089880402b86ddbf, type: 3}
--- !u!1001 &79666446
PrefabInstance:
  m_ObjectHideFlags: 0
  serializedVersion: 2
  m_Modification:
    m_TransformParent: {fileID: 0}
    m_Modifications:
    - target: {fileID: -9129853678165825805, guid: ef372ed806b926641a46d473ead35de0,
        type: 3}
      propertyPath: m_LocalPosition.y
      value: 3.054
      objectReference: {fileID: 0}
    - target: {fileID: -9036552841519997713, guid: ef372ed806b926641a46d473ead35de0,
        type: 3}
      propertyPath: m_Materials.Array.data[0]
      value: 
      objectReference: {fileID: 2100000, guid: f39c2c5ad7df2e540a1b00d929f137df, type: 2}
    - target: {fileID: -9036552841519997713, guid: ef372ed806b926641a46d473ead35de0,
        type: 3}
      propertyPath: m_Enabled
      value: 1
      objectReference: {fileID: 0}
    - target: {fileID: -8679921383154817045, guid: ef372ed806b926641a46d473ead35de0,
        type: 3}
      propertyPath: m_LocalPosition.x
      value: -0
      objectReference: {fileID: 0}
    - target: {fileID: -8679921383154817045, guid: ef372ed806b926641a46d473ead35de0,
        type: 3}
      propertyPath: m_LocalPosition.y
      value: -0.004446605
      objectReference: {fileID: 0}
    - target: {fileID: -8679921383154817045, guid: ef372ed806b926641a46d473ead35de0,
        type: 3}
      propertyPath: m_LocalPosition.z
      value: 0.019243728
      objectReference: {fileID: 0}
    - target: {fileID: -8679921383154817045, guid: ef372ed806b926641a46d473ead35de0,
        type: 3}
      propertyPath: m_LocalRotation.x
      value: 0
      objectReference: {fileID: 0}
    - target: {fileID: -8679921383154817045, guid: ef372ed806b926641a46d473ead35de0,
        type: 3}
      propertyPath: m_LocalRotation.y
      value: 1
      objectReference: {fileID: 0}
    - target: {fileID: -8679921383154817045, guid: ef372ed806b926641a46d473ead35de0,
        type: 3}
      propertyPath: m_LocalRotation.z
      value: 0
      objectReference: {fileID: 0}
    - target: {fileID: -8679921383154817045, guid: ef372ed806b926641a46d473ead35de0,
        type: 3}
      propertyPath: m_LocalRotation.w
      value: 0
      objectReference: {fileID: 0}
    - target: {fileID: -8679921383154817045, guid: ef372ed806b926641a46d473ead35de0,
        type: 3}
      propertyPath: m_RootOrder
      value: 4
      objectReference: {fileID: 0}
    - target: {fileID: -8679921383154817045, guid: ef372ed806b926641a46d473ead35de0,
        type: 3}
      propertyPath: m_LocalEulerAnglesHint.x
      value: 0
      objectReference: {fileID: 0}
    - target: {fileID: -8679921383154817045, guid: ef372ed806b926641a46d473ead35de0,
        type: 3}
      propertyPath: m_LocalEulerAnglesHint.y
      value: 180
      objectReference: {fileID: 0}
    - target: {fileID: -8679921383154817045, guid: ef372ed806b926641a46d473ead35de0,
        type: 3}
      propertyPath: m_LocalEulerAnglesHint.z
      value: 0
      objectReference: {fileID: 0}
    - target: {fileID: -8679921383154817045, guid: ef372ed806b926641a46d473ead35de0,
        type: 3}
      propertyPath: m_LocalScale.x
      value: 5
      objectReference: {fileID: 0}
    - target: {fileID: -8679921383154817045, guid: ef372ed806b926641a46d473ead35de0,
        type: 3}
      propertyPath: m_LocalScale.y
      value: 5
      objectReference: {fileID: 0}
    - target: {fileID: -8679921383154817045, guid: ef372ed806b926641a46d473ead35de0,
        type: 3}
      propertyPath: m_LocalScale.z
      value: 5
      objectReference: {fileID: 0}
    - target: {fileID: -8483563395077249552, guid: ef372ed806b926641a46d473ead35de0,
        type: 3}
      propertyPath: m_Enabled
      value: 1
      objectReference: {fileID: 0}
    - target: {fileID: -1704644344460297115, guid: ef372ed806b926641a46d473ead35de0,
        type: 3}
      propertyPath: m_Enabled
      value: 1
      objectReference: {fileID: 0}
    - target: {fileID: -1704644344460297115, guid: ef372ed806b926641a46d473ead35de0,
        type: 3}
      propertyPath: m_Materials.Array.data[0]
      value: 
      objectReference: {fileID: 2100000, guid: e2e013687a06620419a1b44289443a13, type: 2}
    - target: {fileID: 919132149155446097, guid: ef372ed806b926641a46d473ead35de0,
        type: 3}
      propertyPath: m_Name
      value: Head1 (1)
      objectReference: {fileID: 0}
    - target: {fileID: 919132149155446097, guid: ef372ed806b926641a46d473ead35de0,
        type: 3}
      propertyPath: m_IsActive
      value: 0
      objectReference: {fileID: 0}
    - target: {fileID: 5959276007601136514, guid: ef372ed806b926641a46d473ead35de0,
        type: 3}
      propertyPath: m_Name
      value: Scalp
      objectReference: {fileID: 0}
    - target: {fileID: 5959276007601136514, guid: ef372ed806b926641a46d473ead35de0,
        type: 3}
      propertyPath: m_TagString
      value: scalp
      objectReference: {fileID: 0}
    m_RemovedComponents: []
  m_SourcePrefab: {fileID: 100100000, guid: ef372ed806b926641a46d473ead35de0, type: 3}
--- !u!1 &119108831
GameObject:
  m_ObjectHideFlags: 0
  m_CorrespondingSourceObject: {fileID: 0}
  m_PrefabInstance: {fileID: 0}
  m_PrefabAsset: {fileID: 0}
  serializedVersion: 6
  m_Component:
  - component: {fileID: 119108836}
  - component: {fileID: 119108835}
  - component: {fileID: 119108834}
  - component: {fileID: 119108833}
  - component: {fileID: 119108832}
  m_Layer: 0
  m_Name: Scalp (1)
  m_TagString: scalp
  m_Icon: {fileID: 0}
  m_NavMeshLayer: 0
  m_StaticEditorFlags: 0
  m_IsActive: 1
--- !u!65 &119108832
BoxCollider:
  m_ObjectHideFlags: 0
  m_CorrespondingSourceObject: {fileID: 0}
  m_PrefabInstance: {fileID: 0}
  m_PrefabAsset: {fileID: 0}
  m_GameObject: {fileID: 119108831}
  m_Material: {fileID: 0}
  m_IsTrigger: 1
  m_Enabled: 0
  serializedVersion: 2
  m_Size: {x: 1.4049367, y: 0.7316503, z: 1.7436173}
  m_Center: {x: 0, y: -0.35997167, z: 0.105587214}
--- !u!64 &119108833
MeshCollider:
  m_ObjectHideFlags: 0
  m_CorrespondingSourceObject: {fileID: 0}
  m_PrefabInstance: {fileID: 0}
  m_PrefabAsset: {fileID: 0}
  m_GameObject: {fileID: 119108831}
  m_Material: {fileID: 0}
  m_IsTrigger: 0
  m_Enabled: 0
  serializedVersion: 4
  m_Convex: 0
  m_CookingOptions: 30
  m_Mesh: {fileID: -8060449099138262351, guid: ef372ed806b926641a46d473ead35de0, type: 3}
--- !u!23 &119108834
MeshRenderer:
  m_ObjectHideFlags: 0
  m_CorrespondingSourceObject: {fileID: 0}
  m_PrefabInstance: {fileID: 0}
  m_PrefabAsset: {fileID: 0}
  m_GameObject: {fileID: 119108831}
  m_Enabled: 1
  m_CastShadows: 1
  m_ReceiveShadows: 1
  m_DynamicOccludee: 1
  m_MotionVectors: 1
  m_LightProbeUsage: 1
  m_ReflectionProbeUsage: 1
  m_RayTracingMode: 2
  m_RenderingLayerMask: 1
  m_RendererPriority: 0
  m_Materials:
  - {fileID: 2100000, guid: e2e013687a06620419a1b44289443a13, type: 2}
  m_StaticBatchInfo:
    firstSubMesh: 0
    subMeshCount: 0
  m_StaticBatchRoot: {fileID: 0}
  m_ProbeAnchor: {fileID: 0}
  m_LightProbeVolumeOverride: {fileID: 0}
  m_ScaleInLightmap: 1
  m_ReceiveGI: 1
  m_PreserveUVs: 0
  m_IgnoreNormalsForChartDetection: 0
  m_ImportantGI: 0
  m_StitchLightmapSeams: 1
  m_SelectedEditorRenderState: 3
  m_MinimumChartSize: 4
  m_AutoUVMaxDistance: 0.5
  m_AutoUVMaxAngle: 89
  m_LightmapParameters: {fileID: 0}
  m_SortingLayerID: 0
  m_SortingLayer: 0
  m_SortingOrder: 0
--- !u!33 &119108835
MeshFilter:
  m_ObjectHideFlags: 0
  m_CorrespondingSourceObject: {fileID: 0}
  m_PrefabInstance: {fileID: 0}
  m_PrefabAsset: {fileID: 0}
  m_GameObject: {fileID: 119108831}
  m_Mesh: {fileID: -8060449099138262351, guid: ef372ed806b926641a46d473ead35de0, type: 3}
--- !u!4 &119108836
Transform:
  m_ObjectHideFlags: 0
  m_CorrespondingSourceObject: {fileID: 0}
  m_PrefabInstance: {fileID: 0}
  m_PrefabAsset: {fileID: 0}
  m_GameObject: {fileID: 119108831}
  m_LocalRotation: {x: -0, y: -0, z: -0, w: 1}
  m_LocalPosition: {x: 0, y: 15.2699995, z: -0.8006894}
  m_LocalScale: {x: 5, y: 5, z: 5}
  m_Children:
  - {fileID: 423824339}
  m_Father: {fileID: 1301428448}
  m_RootOrder: 6
  m_LocalEulerAnglesHint: {x: 0, y: 0, z: 0}
--- !u!1 &121556176
GameObject:
  m_ObjectHideFlags: 0
  m_CorrespondingSourceObject: {fileID: 0}
  m_PrefabInstance: {fileID: 0}
  m_PrefabAsset: {fileID: 0}
  serializedVersion: 6
  m_Component:
  - component: {fileID: 121556179}
  - component: {fileID: 121556178}
  - component: {fileID: 121556177}
  m_Layer: 0
  m_Name: EventSystem
  m_TagString: Untagged
  m_Icon: {fileID: 0}
  m_NavMeshLayer: 0
  m_StaticEditorFlags: 0
  m_IsActive: 1
--- !u!114 &121556177
MonoBehaviour:
  m_ObjectHideFlags: 0
  m_CorrespondingSourceObject: {fileID: 0}
  m_PrefabInstance: {fileID: 0}
  m_PrefabAsset: {fileID: 0}
  m_GameObject: {fileID: 121556176}
  m_Enabled: 1
  m_EditorHideFlags: 0
  m_Script: {fileID: 11500000, guid: 4f231c4fb786f3946a6b90b886c48677, type: 3}
  m_Name: 
  m_EditorClassIdentifier: 
  m_HorizontalAxis: Horizontal
  m_VerticalAxis: Vertical
  m_SubmitButton: Submit
  m_CancelButton: Cancel
  m_InputActionsPerSecond: 10
  m_RepeatDelay: 0.5
  m_ForceModuleActive: 0
--- !u!114 &121556178
MonoBehaviour:
  m_ObjectHideFlags: 0
  m_CorrespondingSourceObject: {fileID: 0}
  m_PrefabInstance: {fileID: 0}
  m_PrefabAsset: {fileID: 0}
  m_GameObject: {fileID: 121556176}
  m_Enabled: 1
  m_EditorHideFlags: 0
  m_Script: {fileID: 11500000, guid: 76c392e42b5098c458856cdf6ecaaaa1, type: 3}
  m_Name: 
  m_EditorClassIdentifier: 
  m_FirstSelected: {fileID: 0}
  m_sendNavigationEvents: 1
  m_DragThreshold: 10
--- !u!4 &121556179
Transform:
  m_ObjectHideFlags: 0
  m_CorrespondingSourceObject: {fileID: 0}
  m_PrefabInstance: {fileID: 0}
  m_PrefabAsset: {fileID: 0}
  m_GameObject: {fileID: 121556176}
  m_LocalRotation: {x: 0, y: 0, z: 0, w: 1}
  m_LocalPosition: {x: 0, y: 0, z: 0}
  m_LocalScale: {x: 1, y: 1, z: 1}
  m_Children: []
  m_Father: {fileID: 0}
  m_RootOrder: 3
  m_LocalEulerAnglesHint: {x: 0, y: 0, z: 0}
--- !u!1 &126314573 stripped
GameObject:
  m_CorrespondingSourceObject: {fileID: 5959276007601136514, guid: ef372ed806b926641a46d473ead35de0,
    type: 3}
  m_PrefabInstance: {fileID: 79666446}
  m_PrefabAsset: {fileID: 0}
--- !u!4 &126314574 stripped
Transform:
  m_CorrespondingSourceObject: {fileID: -9129853678165825805, guid: ef372ed806b926641a46d473ead35de0,
    type: 3}
  m_PrefabInstance: {fileID: 79666446}
  m_PrefabAsset: {fileID: 0}
--- !u!64 &126314575
MeshCollider:
  m_ObjectHideFlags: 0
  m_CorrespondingSourceObject: {fileID: 0}
  m_PrefabInstance: {fileID: 0}
  m_PrefabAsset: {fileID: 0}
  m_GameObject: {fileID: 126314573}
  m_Material: {fileID: 0}
  m_IsTrigger: 0
  m_Enabled: 1
  serializedVersion: 4
  m_Convex: 0
  m_CookingOptions: 30
  m_Mesh: {fileID: -8060449099138262351, guid: ef372ed806b926641a46d473ead35de0, type: 3}
--- !u!65 &126314576
BoxCollider:
  m_ObjectHideFlags: 0
  m_CorrespondingSourceObject: {fileID: 0}
  m_PrefabInstance: {fileID: 0}
  m_PrefabAsset: {fileID: 0}
  m_GameObject: {fileID: 126314573}
  m_Material: {fileID: 0}
  m_IsTrigger: 1
  m_Enabled: 0
  serializedVersion: 2
  m_Size: {x: 1.4049367, y: 0.7316503, z: 1.7436173}
  m_Center: {x: 0, y: -0.35997167, z: 0.105587214}
--- !u!1001 &423824338
PrefabInstance:
  m_ObjectHideFlags: 0
  serializedVersion: 2
  m_Modification:
    m_TransformParent: {fileID: 119108836}
    m_Modifications:
    - target: {fileID: 405811281830992983, guid: b415fdc35bef3c24485760d8a21a8974,
        type: 3}
      propertyPath: m_LocalPosition.x
      value: 0
      objectReference: {fileID: 0}
    - target: {fileID: 405811281830992983, guid: b415fdc35bef3c24485760d8a21a8974,
        type: 3}
      propertyPath: m_LocalPosition.y
      value: 0
      objectReference: {fileID: 0}
    - target: {fileID: 405811281830992983, guid: b415fdc35bef3c24485760d8a21a8974,
        type: 3}
      propertyPath: m_LocalPosition.z
      value: 0
      objectReference: {fileID: 0}
    - target: {fileID: 405811281830992983, guid: b415fdc35bef3c24485760d8a21a8974,
        type: 3}
      propertyPath: m_LocalRotation.x
      value: -0.000000081460335
      objectReference: {fileID: 0}
    - target: {fileID: 405811281830992983, guid: b415fdc35bef3c24485760d8a21a8974,
        type: 3}
      propertyPath: m_LocalRotation.y
      value: -0
      objectReference: {fileID: 0}
    - target: {fileID: 405811281830992983, guid: b415fdc35bef3c24485760d8a21a8974,
        type: 3}
      propertyPath: m_LocalRotation.z
      value: -0
      objectReference: {fileID: 0}
    - target: {fileID: 405811281830992983, guid: b415fdc35bef3c24485760d8a21a8974,
        type: 3}
      propertyPath: m_LocalRotation.w
      value: 1
      objectReference: {fileID: 0}
    - target: {fileID: 405811281830992983, guid: b415fdc35bef3c24485760d8a21a8974,
        type: 3}
      propertyPath: m_RootOrder
      value: 0
      objectReference: {fileID: 0}
    - target: {fileID: 405811281830992983, guid: b415fdc35bef3c24485760d8a21a8974,
        type: 3}
      propertyPath: m_LocalEulerAnglesHint.x
      value: 0
      objectReference: {fileID: 0}
    - target: {fileID: 405811281830992983, guid: b415fdc35bef3c24485760d8a21a8974,
        type: 3}
      propertyPath: m_LocalEulerAnglesHint.y
      value: 0
      objectReference: {fileID: 0}
    - target: {fileID: 405811281830992983, guid: b415fdc35bef3c24485760d8a21a8974,
        type: 3}
      propertyPath: m_LocalEulerAnglesHint.z
      value: 0
      objectReference: {fileID: 0}
    - target: {fileID: 833750838125817232, guid: b415fdc35bef3c24485760d8a21a8974,
        type: 3}
      propertyPath: m_Name
      value: HairParticleUnit
      objectReference: {fileID: 0}
    - target: {fileID: 833750838125817232, guid: b415fdc35bef3c24485760d8a21a8974,
        type: 3}
      propertyPath: m_IsActive
      value: 1
      objectReference: {fileID: 0}
    - target: {fileID: 7527516160483208291, guid: b415fdc35bef3c24485760d8a21a8974,
        type: 3}
      propertyPath: InitialModule.startRotationY.scalar
      value: 1.5707963
      objectReference: {fileID: 0}
    m_RemovedComponents: []
  m_SourcePrefab: {fileID: 100100000, guid: b415fdc35bef3c24485760d8a21a8974, type: 3}
--- !u!4 &423824339 stripped
Transform:
  m_CorrespondingSourceObject: {fileID: 405811281830992983, guid: b415fdc35bef3c24485760d8a21a8974,
    type: 3}
  m_PrefabInstance: {fileID: 423824338}
  m_PrefabAsset: {fileID: 0}
--- !u!1 &645217249
GameObject:
  m_ObjectHideFlags: 0
  m_CorrespondingSourceObject: {fileID: 0}
  m_PrefabInstance: {fileID: 0}
  m_PrefabAsset: {fileID: 0}
  serializedVersion: 6
  m_Component:
  - component: {fileID: 645217253}
  - component: {fileID: 645217252}
  - component: {fileID: 645217251}
  - component: {fileID: 645217250}
  m_Layer: 0
  m_Name: PaintBox
  m_TagString: Untagged
  m_Icon: {fileID: 0}
  m_NavMeshLayer: 0
  m_StaticEditorFlags: 0
  m_IsActive: 1
--- !u!65 &645217250
BoxCollider:
  m_ObjectHideFlags: 0
  m_CorrespondingSourceObject: {fileID: 0}
  m_PrefabInstance: {fileID: 0}
  m_PrefabAsset: {fileID: 0}
  m_GameObject: {fileID: 645217249}
  m_Material: {fileID: 0}
  m_IsTrigger: 1
  m_Enabled: 1
  serializedVersion: 2
  m_Size: {x: 1.5, y: 5.1150875, z: 6.378751}
  m_Center: {x: 0, y: 0, z: 0}
--- !u!23 &645217251
MeshRenderer:
  m_ObjectHideFlags: 0
  m_CorrespondingSourceObject: {fileID: 0}
  m_PrefabInstance: {fileID: 0}
  m_PrefabAsset: {fileID: 0}
  m_GameObject: {fileID: 645217249}
  m_Enabled: 0
  m_CastShadows: 1
  m_ReceiveShadows: 1
  m_DynamicOccludee: 1
  m_MotionVectors: 1
  m_LightProbeUsage: 1
  m_ReflectionProbeUsage: 1
  m_RayTracingMode: 2
  m_RenderingLayerMask: 1
  m_RendererPriority: 0
  m_Materials:
  - {fileID: 2100000, guid: 31321ba15b8f8eb4c954353edc038b1d, type: 2}
  m_StaticBatchInfo:
    firstSubMesh: 0
    subMeshCount: 0
  m_StaticBatchRoot: {fileID: 0}
  m_ProbeAnchor: {fileID: 0}
  m_LightProbeVolumeOverride: {fileID: 0}
  m_ScaleInLightmap: 1
  m_ReceiveGI: 1
  m_PreserveUVs: 0
  m_IgnoreNormalsForChartDetection: 0
  m_ImportantGI: 0
  m_StitchLightmapSeams: 1
  m_SelectedEditorRenderState: 3
  m_MinimumChartSize: 4
  m_AutoUVMaxDistance: 0.5
  m_AutoUVMaxAngle: 89
  m_LightmapParameters: {fileID: 0}
  m_SortingLayerID: 0
  m_SortingLayer: 0
  m_SortingOrder: 0
--- !u!33 &645217252
MeshFilter:
  m_ObjectHideFlags: 0
  m_CorrespondingSourceObject: {fileID: 0}
  m_PrefabInstance: {fileID: 0}
  m_PrefabAsset: {fileID: 0}
  m_GameObject: {fileID: 645217249}
  m_Mesh: {fileID: 10202, guid: 0000000000000000e000000000000000, type: 0}
--- !u!4 &645217253
Transform:
  m_ObjectHideFlags: 0
  m_CorrespondingSourceObject: {fileID: 0}
  m_PrefabInstance: {fileID: 0}
  m_PrefabAsset: {fileID: 0}
  m_GameObject: {fileID: 645217249}
  m_LocalRotation: {x: 0, y: 0, z: 0, w: 1}
  m_LocalPosition: {x: 0.27, y: 0, z: 0}
  m_LocalScale: {x: 1, y: 1, z: 1}
  m_Children: []
  m_Father: {fileID: 1078040431}
  m_RootOrder: 1
  m_LocalEulerAnglesHint: {x: 0, y: 0, z: 0}
--- !u!1 &788675445
GameObject:
  m_ObjectHideFlags: 0
  m_CorrespondingSourceObject: {fileID: 0}
  m_PrefabInstance: {fileID: 0}
  m_PrefabAsset: {fileID: 0}
  serializedVersion: 6
  m_Component:
  - component: {fileID: 788675446}
  - component: {fileID: 788675449}
  - component: {fileID: 788675448}
  - component: {fileID: 788675447}
  m_Layer: 5
  m_Name: Text
  m_TagString: Untagged
  m_Icon: {fileID: 0}
  m_NavMeshLayer: 0
  m_StaticEditorFlags: 0
  m_IsActive: 1
--- !u!224 &788675446
RectTransform:
  m_ObjectHideFlags: 0
  m_CorrespondingSourceObject: {fileID: 0}
  m_PrefabInstance: {fileID: 0}
  m_PrefabAsset: {fileID: 0}
  m_GameObject: {fileID: 788675445}
  m_LocalRotation: {x: 0, y: 0, z: 0, w: 1}
  m_LocalPosition: {x: 0, y: 0, z: 0}
  m_LocalScale: {x: 1, y: 1, z: 1}
  m_Children: []
  m_Father: {fileID: 1713957557}
  m_RootOrder: 0
  m_LocalEulerAnglesHint: {x: 0, y: 0, z: 0}
  m_AnchorMin: {x: 0, y: 1}
  m_AnchorMax: {x: 0, y: 1}
  m_AnchoredPosition: {x: 100, y: -100}
  m_SizeDelta: {x: 160, y: 30}
  m_Pivot: {x: 0.5, y: 0.5}
--- !u!114 &788675447
MonoBehaviour:
  m_ObjectHideFlags: 0
  m_CorrespondingSourceObject: {fileID: 0}
  m_PrefabInstance: {fileID: 0}
  m_PrefabAsset: {fileID: 0}
  m_GameObject: {fileID: 788675445}
  m_Enabled: 1
  m_EditorHideFlags: 0
  m_Script: {fileID: 11500000, guid: d8c6ac50b64d5bb47b44af187cafc795, type: 3}
  m_Name: 
  m_EditorClassIdentifier: 
  clearFPSlock: 1
--- !u!114 &788675448
MonoBehaviour:
  m_ObjectHideFlags: 0
  m_CorrespondingSourceObject: {fileID: 0}
  m_PrefabInstance: {fileID: 0}
  m_PrefabAsset: {fileID: 0}
  m_GameObject: {fileID: 788675445}
  m_Enabled: 1
  m_EditorHideFlags: 0
  m_Script: {fileID: 11500000, guid: 5f7201a12d95ffc409449d95f23cf332, type: 3}
  m_Name: 
  m_EditorClassIdentifier: 
  m_Material: {fileID: 0}
  m_Color: {r: 0.053194284, g: 1, b: 0, a: 1}
  m_RaycastTarget: 1
  m_Maskable: 1
  m_OnCullStateChanged:
    m_PersistentCalls:
      m_Calls: []
  m_FontData:
    m_Font: {fileID: 10102, guid: 0000000000000000e000000000000000, type: 0}
    m_FontSize: 81
    m_FontStyle: 0
    m_BestFit: 0
    m_MinSize: 0
    m_MaxSize: 176
    m_Alignment: 0
    m_AlignByGeometry: 0
    m_RichText: 1
    m_HorizontalOverflow: 1
    m_VerticalOverflow: 1
    m_LineSpacing: 1
  m_Text: New Text
--- !u!222 &788675449
CanvasRenderer:
  m_ObjectHideFlags: 0
  m_CorrespondingSourceObject: {fileID: 0}
  m_PrefabInstance: {fileID: 0}
  m_PrefabAsset: {fileID: 0}
  m_GameObject: {fileID: 788675445}
  m_CullTransparentMesh: 0
--- !u!1 &1078040430 stripped
GameObject:
  m_CorrespondingSourceObject: {fileID: -8211720957969719252, guid: 461937dfd9c00496089880402b86ddbf,
    type: 3}
  m_PrefabInstance: {fileID: 1112692595}
  m_PrefabAsset: {fileID: 0}
--- !u!4 &1078040431 stripped
Transform:
  m_CorrespondingSourceObject: {fileID: -8427063622208969651, guid: 461937dfd9c00496089880402b86ddbf,
    type: 3}
  m_PrefabInstance: {fileID: 1112692595}
  m_PrefabAsset: {fileID: 0}
--- !u!64 &1078040434
MeshCollider:
  m_ObjectHideFlags: 0
  m_CorrespondingSourceObject: {fileID: 0}
  m_PrefabInstance: {fileID: 0}
  m_PrefabAsset: {fileID: 0}
  m_GameObject: {fileID: 1078040430}
  m_Material: {fileID: 0}
  m_IsTrigger: 0
  m_Enabled: 0
  serializedVersion: 4
  m_Convex: 0
  m_CookingOptions: 30
  m_Mesh: {fileID: 2658800326358589857, guid: 461937dfd9c00496089880402b86ddbf, type: 3}
--- !u!1001 &1112692595
PrefabInstance:
  m_ObjectHideFlags: 0
  serializedVersion: 2
  m_Modification:
    m_TransformParent: {fileID: 1946203838}
    m_Modifications:
    - target: {fileID: -8679921383154817045, guid: 461937dfd9c00496089880402b86ddbf,
        type: 3}
      propertyPath: m_LocalPosition.x
      value: 0
      objectReference: {fileID: 0}
    - target: {fileID: -8679921383154817045, guid: 461937dfd9c00496089880402b86ddbf,
        type: 3}
      propertyPath: m_LocalPosition.y
      value: -0.004446605
      objectReference: {fileID: 0}
    - target: {fileID: -8679921383154817045, guid: 461937dfd9c00496089880402b86ddbf,
        type: 3}
      propertyPath: m_LocalPosition.z
      value: 0.019243728
      objectReference: {fileID: 0}
    - target: {fileID: -8679921383154817045, guid: 461937dfd9c00496089880402b86ddbf,
        type: 3}
      propertyPath: m_LocalRotation.x
      value: -0
      objectReference: {fileID: 0}
    - target: {fileID: -8679921383154817045, guid: 461937dfd9c00496089880402b86ddbf,
        type: 3}
      propertyPath: m_LocalRotation.y
      value: -0
      objectReference: {fileID: 0}
    - target: {fileID: -8679921383154817045, guid: 461937dfd9c00496089880402b86ddbf,
        type: 3}
      propertyPath: m_LocalRotation.z
      value: -0
      objectReference: {fileID: 0}
    - target: {fileID: -8679921383154817045, guid: 461937dfd9c00496089880402b86ddbf,
        type: 3}
      propertyPath: m_LocalRotation.w
      value: 1
      objectReference: {fileID: 0}
    - target: {fileID: -8679921383154817045, guid: 461937dfd9c00496089880402b86ddbf,
        type: 3}
      propertyPath: m_RootOrder
      value: 2
      objectReference: {fileID: 0}
    - target: {fileID: -8679921383154817045, guid: 461937dfd9c00496089880402b86ddbf,
        type: 3}
      propertyPath: m_LocalEulerAnglesHint.x
      value: 0
      objectReference: {fileID: 0}
    - target: {fileID: -8679921383154817045, guid: 461937dfd9c00496089880402b86ddbf,
        type: 3}
      propertyPath: m_LocalEulerAnglesHint.y
      value: 0
      objectReference: {fileID: 0}
    - target: {fileID: -8679921383154817045, guid: 461937dfd9c00496089880402b86ddbf,
        type: 3}
      propertyPath: m_LocalEulerAnglesHint.z
      value: 0
      objectReference: {fileID: 0}
    - target: {fileID: -8427063622208969651, guid: 461937dfd9c00496089880402b86ddbf,
        type: 3}
      propertyPath: m_LocalPosition.x
      value: -3.7
      objectReference: {fileID: 0}
    - target: {fileID: -8211720957969719252, guid: 461937dfd9c00496089880402b86ddbf,
        type: 3}
      propertyPath: m_TagString
      value: scalp
      objectReference: {fileID: 0}
    - target: {fileID: -2094753122902602681, guid: 461937dfd9c00496089880402b86ddbf,
        type: 3}
      propertyPath: m_Materials.Array.data[0]
      value: 
      objectReference: {fileID: 2100000, guid: f39c2c5ad7df2e540a1b00d929f137df, type: 2}
    - target: {fileID: -514579438315977931, guid: 461937dfd9c00496089880402b86ddbf,
        type: 3}
      propertyPath: m_Materials.Array.data[0]
      value: 
      objectReference: {fileID: 2100000, guid: f39c2c5ad7df2e540a1b00d929f137df, type: 2}
    - target: {fileID: 919132149155446097, guid: 461937dfd9c00496089880402b86ddbf,
        type: 3}
      propertyPath: m_Name
      value: HeadN
      objectReference: {fileID: 0}
    - target: {fileID: 919132149155446097, guid: 461937dfd9c00496089880402b86ddbf,
        type: 3}
      propertyPath: m_IsActive
      value: 1
      objectReference: {fileID: 0}
    - target: {fileID: 5658201062396074924, guid: 461937dfd9c00496089880402b86ddbf,
        type: 3}
      propertyPath: m_Materials.Array.data[0]
      value: 
      objectReference: {fileID: 2100000, guid: f39c2c5ad7df2e540a1b00d929f137df, type: 2}
    - target: {fileID: 7009028211868760129, guid: 461937dfd9c00496089880402b86ddbf,
        type: 3}
      propertyPath: m_Materials.Array.data[0]
      value: 
      objectReference: {fileID: 2100000, guid: ee84217446b244ab8a33c5bda534237f, type: 2}
    - target: {fileID: 7009028211868760129, guid: 461937dfd9c00496089880402b86ddbf,
        type: 3}
      propertyPath: m_CastShadows
      value: 0
      objectReference: {fileID: 0}
    m_RemovedComponents: []
  m_SourcePrefab: {fileID: 100100000, guid: 461937dfd9c00496089880402b86ddbf, type: 3}
--- !u!1 &1301428446 stripped
GameObject:
  m_CorrespondingSourceObject: {fileID: 919132149155446097, guid: 461937dfd9c00496089880402b86ddbf,
    type: 3}
  m_PrefabInstance: {fileID: 1112692595}
  m_PrefabAsset: {fileID: 0}
--- !u!114 &1301428447
MonoBehaviour:
  m_ObjectHideFlags: 0
  m_CorrespondingSourceObject: {fileID: 0}
  m_PrefabInstance: {fileID: 0}
  m_PrefabAsset: {fileID: 0}
  m_GameObject: {fileID: 1301428446}
  m_Enabled: 1
  m_EditorHideFlags: 0
  m_Script: {fileID: 11500000, guid: cafb0134681cd6b4ab6baff3aa96bab9, type: 3}
  m_Name: 
  m_EditorClassIdentifier: 
  layerMaskP:
    serializedVersion: 2
    m_Bits: 512
  layerMaskS:
    serializedVersion: 2
    m_Bits: 1024
  layerMaskPS:
    serializedVersion: 2
    m_Bits: 1536
  mainCamera: {fileID: 1445207842}
  outline: {fileID: 0}
  tp2D:
    mat: {fileID: 2100000, guid: ee84217446b244ab8a33c5bda534237f, type: 2}
    dimention: 512
    brushSize_256: 3
    startColor:
      serializedVersion: 2
      rgba: 4294967295
    paintedColor:
      serializedVersion: 2
      rgba: 0
    mapName: _ScalpMap
    N: {x: 256, y: 256}
    tex2D: {fileID: 0}
  tp3D:
    targetTransform: {fileID: 2067795646}
    mat: {fileID: 2100000, guid: 4f6fff1344f2a43edbb070a85fb3ce6c, type: 2}
    pixPerUnit: 12
    worldBrushSize: 0.09
    startColor:
      serializedVersion: 2
      rgba: 4294967295
    paintedColor:
      serializedVersion: 2
      rgba: 0
    mapName: _ScalpMap
    colliderPosVar: _RefColliderPosition
    colliderSizeVar: _RefColliderSize
    rotVar: _Rots
    paintBoxReference: {fileID: 645217250}
    N: {x: 78, y: 56, z: 98}
    tex3D: {fileID: 0}
  paintOnUpdate: 1
--- !u!4 &1301428448 stripped
Transform:
  m_CorrespondingSourceObject: {fileID: -8679921383154817045, guid: 461937dfd9c00496089880402b86ddbf,
    type: 3}
  m_PrefabInstance: {fileID: 1112692595}
  m_PrefabAsset: {fileID: 0}
--- !u!1 &1315876602
GameObject:
  m_ObjectHideFlags: 0
  m_CorrespondingSourceObject: {fileID: 0}
  m_PrefabInstance: {fileID: 0}
  m_PrefabAsset: {fileID: 0}
  serializedVersion: 6
  m_Component:
  - component: {fileID: 1315876604}
  - component: {fileID: 1315876603}
  m_Layer: 0
  m_Name: Directional Light
  m_TagString: Untagged
  m_Icon: {fileID: 0}
  m_NavMeshLayer: 0
  m_StaticEditorFlags: 0
  m_IsActive: 1
--- !u!108 &1315876603
Light:
  m_ObjectHideFlags: 0
  m_CorrespondingSourceObject: {fileID: 0}
  m_PrefabInstance: {fileID: 0}
  m_PrefabAsset: {fileID: 0}
  m_GameObject: {fileID: 1315876602}
  m_Enabled: 1
  serializedVersion: 10
  m_Type: 1
  m_Shape: 0
  m_Color: {r: 1, g: 0.95686275, b: 0.8392157, a: 1}
  m_Intensity: 1
  m_Range: 10
  m_SpotAngle: 30
  m_InnerSpotAngle: 21.80208
  m_CookieSize: 10
  m_Shadows:
    m_Type: 2
    m_Resolution: -1
    m_CustomResolution: -1
    m_Strength: 1
    m_Bias: 0.05
    m_NormalBias: 0.4
    m_NearPlane: 0.2
    m_CullingMatrixOverride:
      e00: 1
      e01: 0
      e02: 0
      e03: 0
      e10: 0
      e11: 1
      e12: 0
      e13: 0
      e20: 0
      e21: 0
      e22: 1
      e23: 0
      e30: 0
      e31: 0
      e32: 0
      e33: 1
    m_UseCullingMatrixOverride: 0
  m_Cookie: {fileID: 0}
  m_DrawHalo: 0
  m_Flare: {fileID: 0}
  m_RenderMode: 0
  m_CullingMask:
    serializedVersion: 2
    m_Bits: 4294967295
  m_RenderingLayerMask: 1
  m_Lightmapping: 4
  m_LightShadowCasterMode: 0
  m_AreaSize: {x: 1, y: 1}
  m_BounceIntensity: 1
  m_ColorTemperature: 6570
  m_UseColorTemperature: 0
  m_BoundingSphereOverride: {x: 0, y: 0, z: 0, w: 0}
  m_UseBoundingSphereOverride: 0
  m_ShadowRadius: 0
  m_ShadowAngle: 0
--- !u!4 &1315876604
Transform:
  m_ObjectHideFlags: 0
  m_CorrespondingSourceObject: {fileID: 0}
  m_PrefabInstance: {fileID: 0}
  m_PrefabAsset: {fileID: 0}
  m_GameObject: {fileID: 1315876602}
  m_LocalRotation: {x: -0.28861886, y: -0.6620428, z: 0.30871555, w: -0.61894524}
  m_LocalPosition: {x: 0, y: 3, z: 0.03848746}
  m_LocalScale: {x: 1, y: 1, z: 1}
  m_Children: []
  m_Father: {fileID: 1946203838}
  m_RootOrder: 0
  m_LocalEulerAnglesHint: {x: 50, y: -30, z: 0}
--- !u!1 &1445207840
GameObject:
  m_ObjectHideFlags: 0
  m_CorrespondingSourceObject: {fileID: 0}
  m_PrefabInstance: {fileID: 0}
  m_PrefabAsset: {fileID: 0}
  serializedVersion: 6
  m_Component:
  - component: {fileID: 1445207843}
  - component: {fileID: 1445207842}
  - component: {fileID: 1445207841}
  - component: {fileID: 1445207844}
  m_Layer: 0
  m_Name: Main Camera
  m_TagString: MainCamera
  m_Icon: {fileID: 0}
  m_NavMeshLayer: 0
  m_StaticEditorFlags: 0
  m_IsActive: 1
--- !u!81 &1445207841
AudioListener:
  m_ObjectHideFlags: 0
  m_CorrespondingSourceObject: {fileID: 0}
  m_PrefabInstance: {fileID: 0}
  m_PrefabAsset: {fileID: 0}
  m_GameObject: {fileID: 1445207840}
  m_Enabled: 1
--- !u!20 &1445207842
Camera:
  m_ObjectHideFlags: 0
  m_CorrespondingSourceObject: {fileID: 0}
  m_PrefabInstance: {fileID: 0}
  m_PrefabAsset: {fileID: 0}
  m_GameObject: {fileID: 1445207840}
  m_Enabled: 1
  serializedVersion: 2
  m_ClearFlags: 1
  m_BackGroundColor: {r: 0.19215687, g: 0.3019608, b: 0.4745098, a: 0}
  m_projectionMatrixMode: 1
  m_GateFitMode: 2
  m_FOVAxisMode: 0
  m_SensorSize: {x: 36, y: 24}
  m_LensShift: {x: 0, y: 0}
  m_FocalLength: 50
  m_NormalizedViewPortRect:
    serializedVersion: 2
    x: 0
    y: 0
    width: 1
    height: 1
  near clip plane: 0.3
  far clip plane: 1000
  field of view: 60
  orthographic: 0
  orthographic size: 5
  m_Depth: -1
  m_CullingMask:
    serializedVersion: 2
    m_Bits: 4294967295
  m_RenderingPath: -1
  m_TargetTexture: {fileID: 0}
  m_TargetDisplay: 0
  m_TargetEye: 3
  m_HDR: 1
  m_AllowMSAA: 1
  m_AllowDynamicResolution: 0
  m_ForceIntoRT: 0
  m_OcclusionCulling: 1
  m_StereoConvergence: 10
  m_StereoSeparation: 0.022
--- !u!4 &1445207843
Transform:
  m_ObjectHideFlags: 0
  m_CorrespondingSourceObject: {fileID: 0}
  m_PrefabInstance: {fileID: 0}
  m_PrefabAsset: {fileID: 0}
  m_GameObject: {fileID: 1445207840}
  m_LocalRotation: {x: -0.1361531, y: -0.7404882, z: 0.14583097, w: -0.64177334}
  m_LocalPosition: {x: -12.2829685, y: 13.84, z: 1.3300004}
  m_LocalScale: {x: 1, y: 1, z: 1}
  m_Children: []
  m_Father: {fileID: 1946203838}
  m_RootOrder: 1
  m_LocalEulerAnglesHint: {x: 23, y: -25.501001, z: 0.90000004}
--- !u!114 &1445207844
MonoBehaviour:
  m_ObjectHideFlags: 0
  m_CorrespondingSourceObject: {fileID: 0}
  m_PrefabInstance: {fileID: 0}
  m_PrefabAsset: {fileID: 0}
  m_GameObject: {fileID: 1445207840}
  m_Enabled: 1
  m_EditorHideFlags: 0
  m_Script: {fileID: 11500000, guid: a79441f348de89743a2939f4d699eac1, type: 3}
  m_Name: 
  m_EditorClassIdentifier: 
  m_RenderShadows: 1
  m_RequiresDepthTextureOption: 2
  m_RequiresOpaqueTextureOption: 2
  m_CameraType: 0
  m_Cameras: []
  m_RendererIndex: -1
  m_VolumeLayerMask:
    serializedVersion: 2
    m_Bits: 1
  m_VolumeTrigger: {fileID: 0}
  m_RenderPostProcessing: 0
  m_Antialiasing: 0
  m_AntialiasingQuality: 2
  m_StopNaN: 0
  m_Dithering: 0
  m_ClearDepth: 1
  m_RequiresDepthTexture: 0
  m_RequiresColorTexture: 0
  m_Version: 2
--- !u!1 &1450503691
GameObject:
  m_ObjectHideFlags: 0
  m_CorrespondingSourceObject: {fileID: 0}
  m_PrefabInstance: {fileID: 0}
  m_PrefabAsset: {fileID: 0}
  serializedVersion: 6
  m_Component:
  - component: {fileID: 1450503693}
  - component: {fileID: 1450503692}
  m_Layer: 0
  m_Name: GameObject
  m_TagString: Untagged
  m_Icon: {fileID: 0}
  m_NavMeshLayer: 0
  m_StaticEditorFlags: 0
  m_IsActive: 0
--- !u!65 &1450503692
BoxCollider:
  m_ObjectHideFlags: 0
  m_CorrespondingSourceObject: {fileID: 0}
  m_PrefabInstance: {fileID: 0}
  m_PrefabAsset: {fileID: 0}
  m_GameObject: {fileID: 1450503691}
  m_Material: {fileID: 0}
  m_IsTrigger: 1
  m_Enabled: 1
  serializedVersion: 2
  m_Size: {x: 7.878582, y: 5.650508, z: 9.793959}
  m_Center: {x: 0, y: 0, z: 0}
--- !u!4 &1450503693
Transform:
  m_ObjectHideFlags: 0
  m_CorrespondingSourceObject: {fileID: 0}
  m_PrefabInstance: {fileID: 0}
  m_PrefabAsset: {fileID: 0}
  m_GameObject: {fileID: 1450503691}
  m_LocalRotation: {x: 0, y: 0, z: 0, w: 1}
  m_LocalPosition: {x: 0, y: 14.18, z: 0}
  m_LocalScale: {x: 1, y: 1, z: 1}
  m_Children: []
  m_Father: {fileID: 0}
  m_RootOrder: 5
  m_LocalEulerAnglesHint: {x: 0, y: 0, z: 0}
--- !u!1 &1674656332
GameObject:
  m_ObjectHideFlags: 0
  m_CorrespondingSourceObject: {fileID: 0}
  m_PrefabInstance: {fileID: 0}
  m_PrefabAsset: {fileID: 0}
  serializedVersion: 6
  m_Component:
  - component: {fileID: 1674656333}
  - component: {fileID: 1674656336}
  - component: {fileID: 1674656335}
  - component: {fileID: 1674656334}
  m_Layer: 9
  m_Name: L (1)
  m_TagString: scalp
  m_Icon: {fileID: 0}
  m_NavMeshLayer: 0
  m_StaticEditorFlags: 0
  m_IsActive: 1
--- !u!4 &1674656333
Transform:
  m_ObjectHideFlags: 0
  m_CorrespondingSourceObject: {fileID: 0}
  m_PrefabInstance: {fileID: 0}
  m_PrefabAsset: {fileID: 0}
  m_GameObject: {fileID: 1674656332}
  m_LocalRotation: {x: 0, y: -0, z: -0, w: 1}
  m_LocalPosition: {x: -3.7, y: 11.609121, z: -0.25596112}
  m_LocalScale: {x: 1, y: 1, z: 1}
  m_Children:
  - {fileID: 43109365}
  m_Father: {fileID: 1301428448}
  m_RootOrder: 5
  m_LocalEulerAnglesHint: {x: 0, y: 0, z: 0}
--- !u!64 &1674656334
MeshCollider:
  m_ObjectHideFlags: 0
  m_CorrespondingSourceObject: {fileID: 0}
  m_PrefabInstance: {fileID: 0}
  m_PrefabAsset: {fileID: 0}
  m_GameObject: {fileID: 1674656332}
  m_Material: {fileID: 0}
  m_IsTrigger: 0
  m_Enabled: 1
  serializedVersion: 4
  m_Convex: 0
  m_CookingOptions: 30
  m_Mesh: {fileID: 2658800326358589857, guid: 461937dfd9c00496089880402b86ddbf, type: 3}
--- !u!23 &1674656335
MeshRenderer:
  m_ObjectHideFlags: 0
  m_CorrespondingSourceObject: {fileID: 0}
  m_PrefabInstance: {fileID: 0}
  m_PrefabAsset: {fileID: 0}
  m_GameObject: {fileID: 1674656332}
  m_Enabled: 0
  m_CastShadows: 0
  m_ReceiveShadows: 1
  m_DynamicOccludee: 1
  m_MotionVectors: 1
  m_LightProbeUsage: 1
  m_ReflectionProbeUsage: 1
  m_RayTracingMode: 2
  m_RenderingLayerMask: 1
  m_RendererPriority: 0
  m_Materials:
  - {fileID: 2100000, guid: ee84217446b244ab8a33c5bda534237f, type: 2}
  m_StaticBatchInfo:
    firstSubMesh: 0
    subMeshCount: 0
  m_StaticBatchRoot: {fileID: 0}
  m_ProbeAnchor: {fileID: 0}
  m_LightProbeVolumeOverride: {fileID: 0}
  m_ScaleInLightmap: 1
  m_ReceiveGI: 1
  m_PreserveUVs: 0
  m_IgnoreNormalsForChartDetection: 0
  m_ImportantGI: 0
  m_StitchLightmapSeams: 1
  m_SelectedEditorRenderState: 3
  m_MinimumChartSize: 4
  m_AutoUVMaxDistance: 0.5
  m_AutoUVMaxAngle: 89
  m_LightmapParameters: {fileID: 0}
  m_SortingLayerID: 0
  m_SortingLayer: 0
  m_SortingOrder: 0
--- !u!33 &1674656336
MeshFilter:
  m_ObjectHideFlags: 0
  m_CorrespondingSourceObject: {fileID: 0}
  m_PrefabInstance: {fileID: 0}
  m_PrefabAsset: {fileID: 0}
  m_GameObject: {fileID: 1674656332}
  m_Mesh: {fileID: 2658800326358589857, guid: 461937dfd9c00496089880402b86ddbf, type: 3}
--- !u!1 &1675622550
GameObject:
  m_ObjectHideFlags: 0
  m_CorrespondingSourceObject: {fileID: 0}
  m_PrefabInstance: {fileID: 0}
  m_PrefabAsset: {fileID: 0}
  serializedVersion: 6
  m_Component:
  - component: {fileID: 1675622551}
  - component: {fileID: 1675622554}
  - component: {fileID: 1675622553}
  - component: {fileID: 1675622552}
  m_Layer: 10
  m_Name: L (3)
  m_TagString: scalp
  m_Icon: {fileID: 0}
  m_NavMeshLayer: 0
  m_StaticEditorFlags: 0
  m_IsActive: 0
--- !u!4 &1675622551
Transform:
  m_ObjectHideFlags: 0
  m_CorrespondingSourceObject: {fileID: 0}
  m_PrefabInstance: {fileID: 0}
  m_PrefabAsset: {fileID: 0}
  m_GameObject: {fileID: 1675622550}
  m_LocalRotation: {x: -0, y: -0, z: -0, w: 1}
  m_LocalPosition: {x: -0.05, y: -0.1, z: 0}
  m_LocalScale: {x: 1, y: 1, z: 1}
  m_Children: []
  m_Father: {fileID: 43109365}
  m_RootOrder: 0
  m_LocalEulerAnglesHint: {x: 0, y: 0, z: 0}
--- !u!64 &1675622552
MeshCollider:
  m_ObjectHideFlags: 0
  m_CorrespondingSourceObject: {fileID: 0}
  m_PrefabInstance: {fileID: 0}
  m_PrefabAsset: {fileID: 0}
  m_GameObject: {fileID: 1675622550}
  m_Material: {fileID: 0}
  m_IsTrigger: 0
  m_Enabled: 1
  serializedVersion: 4
  m_Convex: 0
  m_CookingOptions: 30
  m_Mesh: {fileID: 2658800326358589857, guid: 461937dfd9c00496089880402b86ddbf, type: 3}
--- !u!23 &1675622553
MeshRenderer:
  m_ObjectHideFlags: 0
  m_CorrespondingSourceObject: {fileID: 0}
  m_PrefabInstance: {fileID: 0}
  m_PrefabAsset: {fileID: 0}
  m_GameObject: {fileID: 1675622550}
  m_Enabled: 0
  m_CastShadows: 0
  m_ReceiveShadows: 1
  m_DynamicOccludee: 1
  m_MotionVectors: 1
  m_LightProbeUsage: 1
  m_ReflectionProbeUsage: 1
  m_RayTracingMode: 2
  m_RenderingLayerMask: 1
  m_RendererPriority: 0
  m_Materials:
  - {fileID: 2100000, guid: ee84217446b244ab8a33c5bda534237f, type: 2}
  m_StaticBatchInfo:
    firstSubMesh: 0
    subMeshCount: 0
  m_StaticBatchRoot: {fileID: 0}
  m_ProbeAnchor: {fileID: 0}
  m_LightProbeVolumeOverride: {fileID: 0}
  m_ScaleInLightmap: 1
  m_ReceiveGI: 1
  m_PreserveUVs: 0
  m_IgnoreNormalsForChartDetection: 0
  m_ImportantGI: 0
  m_StitchLightmapSeams: 1
  m_SelectedEditorRenderState: 3
  m_MinimumChartSize: 4
  m_AutoUVMaxDistance: 0.5
  m_AutoUVMaxAngle: 89
  m_LightmapParameters: {fileID: 0}
  m_SortingLayerID: 0
  m_SortingLayer: 0
  m_SortingOrder: 0
--- !u!33 &1675622554
MeshFilter:
  m_ObjectHideFlags: 0
  m_CorrespondingSourceObject: {fileID: 0}
  m_PrefabInstance: {fileID: 0}
  m_PrefabAsset: {fileID: 0}
  m_GameObject: {fileID: 1675622550}
  m_Mesh: {fileID: 2658800326358589857, guid: 461937dfd9c00496089880402b86ddbf, type: 3}
--- !u!1 &1713957553
GameObject:
  m_ObjectHideFlags: 0
  m_CorrespondingSourceObject: {fileID: 0}
  m_PrefabInstance: {fileID: 0}
  m_PrefabAsset: {fileID: 0}
  serializedVersion: 6
  m_Component:
  - component: {fileID: 1713957557}
  - component: {fileID: 1713957556}
  - component: {fileID: 1713957555}
  - component: {fileID: 1713957554}
  m_Layer: 5
  m_Name: Canvas
  m_TagString: Untagged
  m_Icon: {fileID: 0}
  m_NavMeshLayer: 0
  m_StaticEditorFlags: 0
  m_IsActive: 1
--- !u!114 &1713957554
MonoBehaviour:
  m_ObjectHideFlags: 0
  m_CorrespondingSourceObject: {fileID: 0}
  m_PrefabInstance: {fileID: 0}
  m_PrefabAsset: {fileID: 0}
  m_GameObject: {fileID: 1713957553}
  m_Enabled: 1
  m_EditorHideFlags: 0
  m_Script: {fileID: 11500000, guid: dc42784cf147c0c48a680349fa168899, type: 3}
  m_Name: 
  m_EditorClassIdentifier: 
  m_IgnoreReversedGraphics: 1
  m_BlockingObjects: 0
  m_BlockingMask:
    serializedVersion: 2
    m_Bits: 4294967295
--- !u!114 &1713957555
MonoBehaviour:
  m_ObjectHideFlags: 0
  m_CorrespondingSourceObject: {fileID: 0}
  m_PrefabInstance: {fileID: 0}
  m_PrefabAsset: {fileID: 0}
  m_GameObject: {fileID: 1713957553}
  m_Enabled: 1
  m_EditorHideFlags: 0
  m_Script: {fileID: 11500000, guid: 0cd44c1031e13a943bb63640046fad76, type: 3}
  m_Name: 
  m_EditorClassIdentifier: 
  m_UiScaleMode: 0
  m_ReferencePixelsPerUnit: 100
  m_ScaleFactor: 1
  m_ReferenceResolution: {x: 800, y: 600}
  m_ScreenMatchMode: 0
  m_MatchWidthOrHeight: 0
  m_PhysicalUnit: 3
  m_FallbackScreenDPI: 96
  m_DefaultSpriteDPI: 96
  m_DynamicPixelsPerUnit: 1
--- !u!223 &1713957556
Canvas:
  m_ObjectHideFlags: 0
  m_CorrespondingSourceObject: {fileID: 0}
  m_PrefabInstance: {fileID: 0}
  m_PrefabAsset: {fileID: 0}
  m_GameObject: {fileID: 1713957553}
  m_Enabled: 1
  serializedVersion: 3
  m_RenderMode: 0
  m_Camera: {fileID: 0}
  m_PlaneDistance: 100
  m_PixelPerfect: 0
  m_ReceivesEvents: 1
  m_OverrideSorting: 0
  m_OverridePixelPerfect: 0
  m_SortingBucketNormalizedSize: 0
  m_AdditionalShaderChannelsFlag: 0
  m_SortingLayerID: 0
  m_SortingOrder: 0
  m_TargetDisplay: 0
--- !u!224 &1713957557
RectTransform:
  m_ObjectHideFlags: 0
  m_CorrespondingSourceObject: {fileID: 0}
  m_PrefabInstance: {fileID: 0}
  m_PrefabAsset: {fileID: 0}
  m_GameObject: {fileID: 1713957553}
  m_LocalRotation: {x: 0, y: 0, z: 0, w: 1}
  m_LocalPosition: {x: 0, y: 0, z: 0}
  m_LocalScale: {x: 0, y: 0, z: 0}
  m_Children:
  - {fileID: 788675446}
  m_Father: {fileID: 0}
  m_RootOrder: 2
  m_LocalEulerAnglesHint: {x: 0, y: 0, z: 0}
  m_AnchorMin: {x: 0, y: 0}
  m_AnchorMax: {x: 0, y: 0}
  m_AnchoredPosition: {x: 0, y: 0}
  m_SizeDelta: {x: 0, y: 0}
  m_Pivot: {x: 0, y: 0}
--- !u!1 &1733664276 stripped
GameObject:
  m_CorrespondingSourceObject: {fileID: 919132149155446097, guid: ef372ed806b926641a46d473ead35de0,
    type: 3}
  m_PrefabInstance: {fileID: 79666446}
  m_PrefabAsset: {fileID: 0}
--- !u!114 &1733664277
MonoBehaviour:
  m_ObjectHideFlags: 0
  m_CorrespondingSourceObject: {fileID: 0}
  m_PrefabInstance: {fileID: 0}
  m_PrefabAsset: {fileID: 0}
  m_GameObject: {fileID: 1733664276}
  m_Enabled: 1
  m_EditorHideFlags: 0
  m_Script: {fileID: 11500000, guid: cafb0134681cd6b4ab6baff3aa96bab9, type: 3}
  m_Name: 
  m_EditorClassIdentifier: 
  layerMaskP:
    serializedVersion: 2
    m_Bits: 0
  layerMaskS:
    serializedVersion: 2
    m_Bits: 0
  layerMaskPS:
    serializedVersion: 2
    m_Bits: 0
  mainCamera: {fileID: 0}
  outline: {fileID: 0}
  tp2D:
    mat: {fileID: 2100000, guid: e2e013687a06620419a1b44289443a13, type: 2}
    dimention: 256
    brushSize_256: 25
    startColor:
      serializedVersion: 2
      rgba: 4294967295
    paintedColor:
      serializedVersion: 2
      rgba: 0
    mapName: _ScalpMap
    N: {x: 256, y: 256}
    tex2D: {fileID: 0}
  tp3D:
    targetTransform: {fileID: 0}
    mat: {fileID: 2100000, guid: b496e796cc0893a42af8ec2c0cececdb, type: 2}
    pixPerUnit: 10
    worldBrushSize: 1
    startColor:
      serializedVersion: 2
      rgba: 4294967295
    paintedColor:
      serializedVersion: 2
      rgba: 0
    mapName: _ScalpMap
    colliderPosVar: _RefColliderPosition
    colliderSizeVar: _RefColliderSize
    rotVar: _Rots
    paintBoxReference: {fileID: 1450503692}
    N: {x: 78, y: 56, z: 98}
    tex3D: {fileID: 0}
  paintOnUpdate: 0
--- !u!1 &1946203836
GameObject:
  m_ObjectHideFlags: 0
  m_CorrespondingSourceObject: {fileID: 0}
  m_PrefabInstance: {fileID: 0}
  m_PrefabAsset: {fileID: 0}
  serializedVersion: 6
  m_Component:
  - component: {fileID: 1946203838}
  - component: {fileID: 1946203837}
  m_Layer: 0
  m_Name: Rotaiton
  m_TagString: Untagged
  m_Icon: {fileID: 0}
  m_NavMeshLayer: 0
  m_StaticEditorFlags: 0
  m_IsActive: 1
--- !u!114 &1946203837
MonoBehaviour:
  m_ObjectHideFlags: 0
  m_CorrespondingSourceObject: {fileID: 0}
  m_PrefabInstance: {fileID: 0}
  m_PrefabAsset: {fileID: 0}
  m_GameObject: {fileID: 1946203836}
  m_Enabled: 0
  m_EditorHideFlags: 0
  m_Script: {fileID: 11500000, guid: 339241831184fdc4c854198fdc537b2e, type: 3}
  m_Name: 
  m_EditorClassIdentifier: 
  spinRate: {x: 0, y: 30, z: 0}
--- !u!4 &1946203838
Transform:
  m_ObjectHideFlags: 0
  m_CorrespondingSourceObject: {fileID: 0}
  m_PrefabInstance: {fileID: 0}
  m_PrefabAsset: {fileID: 0}
  m_GameObject: {fileID: 1946203836}
  m_LocalRotation: {x: 0, y: 0, z: 0, w: 1}
  m_LocalPosition: {x: 0, y: 0, z: 0}
  m_LocalScale: {x: 1, y: 1, z: 1}
  m_Children:
  - {fileID: 1315876604}
  - {fileID: 1445207843}
  - {fileID: 1301428448}
  m_Father: {fileID: 0}
  m_RootOrder: 0
  m_LocalEulerAnglesHint: {x: 0, y: 0, z: 0}
--- !u!1 &1970845505
GameObject:
  m_ObjectHideFlags: 0
  m_CorrespondingSourceObject: {fileID: 0}
  m_PrefabInstance: {fileID: 0}
  m_PrefabAsset: {fileID: 0}
  serializedVersion: 6
  m_Component:
  - component: {fileID: 1970845506}
  - component: {fileID: 1970845507}
  m_Layer: 0
  m_Name: GameObject (1)
  m_TagString: Untagged
  m_Icon: {fileID: 0}
  m_NavMeshLayer: 0
  m_StaticEditorFlags: 0
  m_IsActive: 0
--- !u!4 &1970845506
Transform:
  m_ObjectHideFlags: 0
  m_CorrespondingSourceObject: {fileID: 0}
  m_PrefabInstance: {fileID: 0}
  m_PrefabAsset: {fileID: 0}
  m_GameObject: {fileID: 1970845505}
  m_LocalRotation: {x: 0, y: 0, z: 0, w: 1}
  m_LocalPosition: {x: -8.3041115, y: -9.821383, z: 6.234306}
  m_LocalScale: {x: 1, y: 1, z: 1}
  m_Children: []
  m_Father: {fileID: 0}
  m_RootOrder: 1
  m_LocalEulerAnglesHint: {x: 0, y: 0, z: 0}
--- !u!114 &1970845507
MonoBehaviour:
  m_ObjectHideFlags: 0
  m_CorrespondingSourceObject: {fileID: 0}
  m_PrefabInstance: {fileID: 0}
  m_PrefabAsset: {fileID: 0}
  m_GameObject: {fileID: 1970845505}
  m_Enabled: 1
  m_EditorHideFlags: 0
  m_Script: {fileID: 11500000, guid: 8cc18003faefe864c89ad707dff8bdd3, type: 3}
  m_Name: 
  m_EditorClassIdentifier: 
  checkMesh: {fileID: 0}
  inputs:
  - {fileID: -8163526336849700479, guid: 9f30051e032674049abaa5808d341da1, type: 3}
  - {fileID: -3099183463934272234, guid: 9f30051e032674049abaa5808d341da1, type: 3}
  - {fileID: -5511996699474248536, guid: 9f30051e032674049abaa5808d341da1, type: 3}
  - {fileID: 8145136920215169916, guid: 9f30051e032674049abaa5808d341da1, type: 3}
  saveName: THD/Meshes/m
--- !u!1001 &1994799274
PrefabInstance:
  m_ObjectHideFlags: 0
  serializedVersion: 2
  m_Modification:
    m_TransformParent: {fileID: 1078040431}
    m_Modifications:
    - target: {fileID: 405811281830992983, guid: b415fdc35bef3c24485760d8a21a8974,
        type: 3}
      propertyPath: m_LocalPosition.x
      value: 0
      objectReference: {fileID: 0}
    - target: {fileID: 405811281830992983, guid: b415fdc35bef3c24485760d8a21a8974,
        type: 3}
      propertyPath: m_LocalPosition.y
      value: 0
      objectReference: {fileID: 0}
    - target: {fileID: 405811281830992983, guid: b415fdc35bef3c24485760d8a21a8974,
        type: 3}
      propertyPath: m_LocalPosition.z
      value: 0
      objectReference: {fileID: 0}
    - target: {fileID: 405811281830992983, guid: b415fdc35bef3c24485760d8a21a8974,
        type: 3}
      propertyPath: m_LocalRotation.x
      value: 0
      objectReference: {fileID: 0}
    - target: {fileID: 405811281830992983, guid: b415fdc35bef3c24485760d8a21a8974,
        type: 3}
      propertyPath: m_LocalRotation.y
      value: 0
      objectReference: {fileID: 0}
    - target: {fileID: 405811281830992983, guid: b415fdc35bef3c24485760d8a21a8974,
        type: 3}
      propertyPath: m_LocalRotation.z
      value: 0
      objectReference: {fileID: 0}
    - target: {fileID: 405811281830992983, guid: b415fdc35bef3c24485760d8a21a8974,
        type: 3}
      propertyPath: m_LocalRotation.w
      value: 1
      objectReference: {fileID: 0}
    - target: {fileID: 405811281830992983, guid: b415fdc35bef3c24485760d8a21a8974,
        type: 3}
      propertyPath: m_RootOrder
      value: 0
      objectReference: {fileID: 0}
    - target: {fileID: 405811281830992983, guid: b415fdc35bef3c24485760d8a21a8974,
        type: 3}
      propertyPath: m_LocalEulerAnglesHint.x
      value: 0
      objectReference: {fileID: 0}
    - target: {fileID: 405811281830992983, guid: b415fdc35bef3c24485760d8a21a8974,
        type: 3}
      propertyPath: m_LocalEulerAnglesHint.y
      value: 0
      objectReference: {fileID: 0}
    - target: {fileID: 405811281830992983, guid: b415fdc35bef3c24485760d8a21a8974,
        type: 3}
      propertyPath: m_LocalEulerAnglesHint.z
      value: 0
      objectReference: {fileID: 0}
    - target: {fileID: 405811281830992983, guid: b415fdc35bef3c24485760d8a21a8974,
        type: 3}
      propertyPath: m_LocalScale.x
      value: 1
      objectReference: {fileID: 0}
    - target: {fileID: 405811281830992983, guid: b415fdc35bef3c24485760d8a21a8974,
        type: 3}
      propertyPath: m_LocalScale.y
      value: 1
      objectReference: {fileID: 0}
    - target: {fileID: 405811281830992983, guid: b415fdc35bef3c24485760d8a21a8974,
        type: 3}
      propertyPath: m_LocalScale.z
      value: 1
      objectReference: {fileID: 0}
    - target: {fileID: 833750838125817232, guid: b415fdc35bef3c24485760d8a21a8974,
        type: 3}
      propertyPath: m_Name
      value: HairParticleUnit
      objectReference: {fileID: 0}
    - target: {fileID: 5399076077313433976, guid: b415fdc35bef3c24485760d8a21a8974,
        type: 3}
      propertyPath: m_Materials.Array.data[0]
      value: 
      objectReference: {fileID: 2100000, guid: 4f6fff1344f2a43edbb070a85fb3ce6c, type: 2}
    - target: {fileID: 5399076077313433976, guid: b415fdc35bef3c24485760d8a21a8974,
        type: 3}
      propertyPath: m_RenderAlignment
      value: 2
      objectReference: {fileID: 0}
    - target: {fileID: 7527516160483208291, guid: b415fdc35bef3c24485760d8a21a8974,
        type: 3}
      propertyPath: InitialModule.startRotationY.scalar
      value: 0.17453292
      objectReference: {fileID: 0}
    - target: {fileID: 7527516160483208291, guid: b415fdc35bef3c24485760d8a21a8974,
        type: 3}
      propertyPath: ShapeModule.m_Mesh
      value: 
      objectReference: {fileID: 2658800326358589857, guid: 461937dfd9c00496089880402b86ddbf,
        type: 3}
    - target: {fileID: 7527516160483208291, guid: b415fdc35bef3c24485760d8a21a8974,
        type: 3}
      propertyPath: ShapeModule.m_Scale.x
      value: 1
      objectReference: {fileID: 0}
    - target: {fileID: 7527516160483208291, guid: b415fdc35bef3c24485760d8a21a8974,
        type: 3}
      propertyPath: ShapeModule.m_Scale.y
      value: 1
      objectReference: {fileID: 0}
    - target: {fileID: 7527516160483208291, guid: b415fdc35bef3c24485760d8a21a8974,
        type: 3}
      propertyPath: ShapeModule.m_Scale.z
      value: 1
      objectReference: {fileID: 0}
    - target: {fileID: 7527516160483208291, guid: b415fdc35bef3c24485760d8a21a8974,
        type: 3}
      propertyPath: ShapeModule.alignToDirection
      value: 0
      objectReference: {fileID: 0}
    - target: {fileID: 7527516160483208291, guid: b415fdc35bef3c24485760d8a21a8974,
        type: 3}
      propertyPath: InitialModule.startRotationX.scalar
      value: 1.1327187
      objectReference: {fileID: 0}
    - target: {fileID: 7527516160483208291, guid: b415fdc35bef3c24485760d8a21a8974,
        type: 3}
      propertyPath: InitialModule.startRotation.scalar
      value: 2.162463
      objectReference: {fileID: 0}
    - target: {fileID: 7527516160483208291, guid: b415fdc35bef3c24485760d8a21a8974,
        type: 3}
      propertyPath: InitialModule.startSizeY.scalar
      value: 0.3
      objectReference: {fileID: 0}
    - target: {fileID: 7527516160483208291, guid: b415fdc35bef3c24485760d8a21a8974,
        type: 3}
      propertyPath: InitialModule.gravityModifier.scalar
      value: 0
      objectReference: {fileID: 0}
    - target: {fileID: 7527516160483208291, guid: b415fdc35bef3c24485760d8a21a8974,
        type: 3}
      propertyPath: InitialModule.startSize.scalar
      value: 0.8
      objectReference: {fileID: 0}
    - target: {fileID: 7527516160483208291, guid: b415fdc35bef3c24485760d8a21a8974,
        type: 3}
      propertyPath: InitialModule.startSizeZ.scalar
      value: 0.8
      objectReference: {fileID: 0}
    - target: {fileID: 7527516160483208291, guid: b415fdc35bef3c24485760d8a21a8974,
        type: 3}
      propertyPath: InitialModule.startLifetime.scalar
      value: 4000
      objectReference: {fileID: 0}
    - target: {fileID: 7527516160483208291, guid: b415fdc35bef3c24485760d8a21a8974,
        type: 3}
      propertyPath: InitialModule.maxNumParticles
      value: 4000
      objectReference: {fileID: 0}
    - target: {fileID: 7527516160483208291, guid: b415fdc35bef3c24485760d8a21a8974,
        type: 3}
      propertyPath: ShapeModule.sphericalDirectionAmount
      value: 0
      objectReference: {fileID: 0}
    - target: {fileID: 7527516160483208291, guid: b415fdc35bef3c24485760d8a21a8974,
        type: 3}
      propertyPath: EmissionModule.rateOverTime.scalar
      value: 1
      objectReference: {fileID: 0}
    m_RemovedComponents: []
  m_SourcePrefab: {fileID: 100100000, guid: b415fdc35bef3c24485760d8a21a8974, type: 3}
--- !u!4 &2067795646 stripped
Transform:
  m_CorrespondingSourceObject: {fileID: 405811281830992983, guid: b415fdc35bef3c24485760d8a21a8974,
    type: 3}
  m_PrefabInstance: {fileID: 1994799274}
  m_PrefabAsset: {fileID: 0}
--- !u!1001 &5707296639974446876
PrefabInstance:
  m_ObjectHideFlags: 0
  serializedVersion: 2
  m_Modification:
    m_TransformParent: {fileID: 126314574}
    m_Modifications:
    - target: {fileID: 405811281830992983, guid: b415fdc35bef3c24485760d8a21a8974,
        type: 3}
      propertyPath: m_LocalPosition.x
      value: 0
      objectReference: {fileID: 0}
    - target: {fileID: 405811281830992983, guid: b415fdc35bef3c24485760d8a21a8974,
        type: 3}
      propertyPath: m_LocalPosition.y
      value: 0
      objectReference: {fileID: 0}
    - target: {fileID: 405811281830992983, guid: b415fdc35bef3c24485760d8a21a8974,
        type: 3}
      propertyPath: m_LocalPosition.z
      value: 0
      objectReference: {fileID: 0}
    - target: {fileID: 405811281830992983, guid: b415fdc35bef3c24485760d8a21a8974,
        type: 3}
      propertyPath: m_LocalRotation.x
      value: -0.000000081460335
      objectReference: {fileID: 0}
    - target: {fileID: 405811281830992983, guid: b415fdc35bef3c24485760d8a21a8974,
        type: 3}
      propertyPath: m_LocalRotation.y
      value: -0
      objectReference: {fileID: 0}
    - target: {fileID: 405811281830992983, guid: b415fdc35bef3c24485760d8a21a8974,
        type: 3}
      propertyPath: m_LocalRotation.z
      value: -0
      objectReference: {fileID: 0}
    - target: {fileID: 405811281830992983, guid: b415fdc35bef3c24485760d8a21a8974,
        type: 3}
      propertyPath: m_LocalRotation.w
      value: 1
      objectReference: {fileID: 0}
    - target: {fileID: 405811281830992983, guid: b415fdc35bef3c24485760d8a21a8974,
        type: 3}
      propertyPath: m_RootOrder
      value: 0
      objectReference: {fileID: 0}
    - target: {fileID: 405811281830992983, guid: b415fdc35bef3c24485760d8a21a8974,
        type: 3}
      propertyPath: m_LocalEulerAnglesHint.x
      value: 0
      objectReference: {fileID: 0}
    - target: {fileID: 405811281830992983, guid: b415fdc35bef3c24485760d8a21a8974,
        type: 3}
      propertyPath: m_LocalEulerAnglesHint.y
      value: 0
      objectReference: {fileID: 0}
    - target: {fileID: 405811281830992983, guid: b415fdc35bef3c24485760d8a21a8974,
        type: 3}
      propertyPath: m_LocalEulerAnglesHint.z
      value: 0
      objectReference: {fileID: 0}
    - target: {fileID: 833750838125817232, guid: b415fdc35bef3c24485760d8a21a8974,
        type: 3}
      propertyPath: m_Name
      value: HairParticleUnit
      objectReference: {fileID: 0}
    - target: {fileID: 7527516160483208291, guid: b415fdc35bef3c24485760d8a21a8974,
        type: 3}
      propertyPath: InitialModule.startRotationY.scalar
      value: 1.5707963
      objectReference: {fileID: 0}
    m_RemovedComponents: []
  m_SourcePrefab: {fileID: 100100000, guid: b415fdc35bef3c24485760d8a21a8974, type: 3}
